@MastersThesis{Sirucek2006,
author = {Michal SIRŮČEK},
	title = {Pravidla české digitální typografie},
	school = {Vysoká škola ekonomická v Praze},
	year = {2006},
	type = {Bakalářská práce}
}

@MastersThesis{Glac2006,
author = {Pavel GLAC},
	title = {Automatické vylepšení webové typografie},
	school = {Vysoká škola ekonomická v Praze},
	year = {2019},
	type = {Bakalářská práce}
}

@InBook{Cmejrkova1999,
author = {Světla ČMEJRKOVÁ},
	title = {Jak napsat odborný text},
	chapter = {Grafická úprava vědeckého textu},
	publisher = {Leda},
	address = {263 01 Voznice 64},
	pages = {235\,--\,249},
	year = {1999},
	edition = {1},
	ISBN = {80-85827-69-1},
}

@InBook{Hamilton2009,
author = {Frederick W. HAMILTON},
	title = {Books Before Typography},
	chapter = {The Origin of the Alphabet},
	publisher = {Nabu Press},
	address = {South Carolina},
	pages = {1\,--\,3},
	year = {2009},
	edition = {1},
	ISBN = {12-95725-96-7},
}

@Article{Bartos2017,
author = {Jan BARTOŠ and Kamila BERKOVÁ and Kateřina HLÁDKOVÁ and Ondřej KAFKA and Jana PETRŽELOVÁ and Petr SKRIEČKA and Petra ŠTICHOVÁ},
	title = {Časopisy},
	journal = {Font},
	volume = {156},
	number = {13},
	pages = {22\,--\,33},
	year = {2017},
	ISSN = {1211 – 4049},
}

@Misc{Nezbeda2018,
	author = {Tomáš NEZBEDA},
	title = {Typografické zásady/pojmy},
	howpublished = {[online]},
	year = {rev. 19.leden 2018},
	note = {[vid. 2021-04-19]},
	url = {https://cutt.ly/VvUH55b},
}

@Misc{Konecny2015,
	author = {Jan KONEČNÝ},
	title = {Záhadná typografie 3 – Nejčastější typografické chyby},
	howpublished = {[online]},
	year = {rev. 24. září 2015},
	note = {[vid. 2021-04-19]},
	url = {https://cutt.ly/0vUH8Em},
}

@Misc{Laurencik2018,
	author = {Marek LAURENČÍK},
	title = {Typografická pravidla},
	howpublished = {[online]},
	year = {rev. 27. srpen 2018},
	note = {[vid. 2021-04-19]},
	url = {https://cutt.ly/CvUHCJo},
}

@Article{Oksuz2008,
	author = {Ozcan OKSÜZ and Uğur GÜDÜKBAY and A. Enis ÇETIN},
	title = {A video-based text and equation editor for LaTeX},
	journal = {Engineering Applications of Artificial Intelligence},
	volume = {21},
	number = {6},
	pages = {952\,--\,960},
	year = {2008},
	ISSN = {0952-1976},
}

@Article{Anonymni2009,
	author = {Anonymní},
	title = {TYPOGRAPHY: Open brief},
	journal = {Design Week},
	volume = {24},
	number = {47},
	pages = {20\,--\,20},
	year = {2009},
	ISSN = {0950-3676},
}

@Article{Walker2008,
	author = {Ruth WALKER},
	title = {How programmers helped make the case for camels},
	journal = {The Christian Science Monitor},
	volume = {24},
	number = {47},
	pages = {18\,--\,18},
	year = {2008},
	ISSN = {0882-7729},
}